@article{Ukkonen95,
    author = {Ukkonen, Esko},
    journal = {Algorithmica},
    keywords = {string\_matching, suffix\_trees},
    number = {3},
    pages = {249--260},
    posted-at = {2008-06-08 04:09:56},
    title = {{On-Line Construction of Suffix Trees}},
    volume = {14},
    year = {1995}
}

@misc{javolution,
	title = {{javolution - The Java \texttrademark Solution for Real-Time and Embedded Systems}},
	url = {{http://javolution.org/}}
}

@misc{guava,
	author = {{Google, inc.}},
	title = {{guava-libraries}},
	url = {{http://code.google.com/p/guava-libraries/}}
}

@misc{hamcrest,
    title = {{Hamcrest - library of matchers for building test expressions}},
    url = {{http://code.google.com/p/hamcrest/}}
}

@misc{testng,
    title = {{TestNG}},
    url = {{http://www.testng.org}}
}

@misc{caliper,
    author = {{Google, inc.}},
    title = {{Caliper - Google's open-source framework for writing, running and viewing the results of Java Microbenchmarks}},
    url = {{http://code.google.com/p/caliper/}}
}